<?xml version="1.0" encoding="UTF-8"?>
<record xmlns="http://www.loc.gov/MARC21/slim" xmlns:xsi="http://www.w3.org/2001/XMLSchema-instance" xsi:schemaLocation="http://www.loc.gov/MARC21/slim http://www.loc.gov/standards/marcxml/schema/MARC21slim.xsd">
<leader>     cam a2200301   4500</leader>
<controlfield tag="001">002747039</controlfield>
<controlfield tag="003">NNU</controlfield>
<controlfield tag="005">19940713181853.0</controlfield>
<controlfield tag="008">860407s1968    iq            000 0barar</controlfield>
<datafield tag="010" ind1=" " ind2=" ">
<subfield code="a">72960152</subfield>
</datafield>
<datafield tag="035" ind1="9" ind2=" ">
<subfield code="a">NYUb10446494</subfield>
</datafield>
<datafield tag="035" ind1=" " ind2=" ">
<subfield code="a">GLIS004464941</subfield>
</datafield>
<datafield tag="035" ind1=" " ind2=" ">
<subfield code="a">(CStRLIN)NYUG86-B10939</subfield>
</datafield>
<datafield tag="040" ind1=" " ind2=" ">
<subfield code="c">NN</subfield>
<subfield code="d">NN</subfield>
<subfield code="d">NNU</subfield>
</datafield>
<datafield tag="043" ind1=" " ind2=" ">
<subfield code="a">a-iq---</subfield>
</datafield>
<datafield tag="050" ind1="0" ind2="0">
<subfield code="a">DS51.B3</subfield>
<subfield code="b">I17</subfield>
</datafield>
<datafield tag="090" ind1=" " ind2=" ">
<subfield code="i">02/01/93 T</subfield>
<subfield code="h">04/07/86 CT</subfield>
</datafield>
<datafield tag="100" ind1="1" ind2=" ">
<subfield code="a">Ibn Abī Ṭāhir Ṭayfūr, Aḥmad,</subfield>
<subfield code="d">819 or 20-893.</subfield>
</datafield>
<datafield tag="245" ind1="1" ind2="0">
<subfield code="a">Baghdād fī tārīkh al-khilāfah al-ʻAbbāsīyah,</subfield>
<subfield code="b">aqdam mā kutiba fī tārīkh al-Khalīfah al-Maʼmūn wa-ʻaṣrihi al-dhahabī.</subfield>
<subfield code="c">Taʼlīf Abī al-Faḍl Aḥmad ibn Ṭāhir al-Kātib al-maʻrūf bi-Ibn Ṭayfūr.</subfield>
</datafield>
<datafield tag="260" ind1=" " ind2=" ">
<subfield code="a">Baghdād,</subfield>
<subfield code="b">Maktabat al-Muthannā,</subfield>
<subfield code="c">1968.</subfield>
</datafield>
<datafield tag="300" ind1=" " ind2=" ">
<subfield code="a">7, 232 p.</subfield>
<subfield code="c">24 cm.</subfield>
</datafield>
<datafield tag="500" ind1=" " ind2=" ">
<subfield code="a">Cover title: Baghdad fi tarikh él khilefa él-Abbassia, by Abul Fadl Ahmad ibn Tahir el Kateb él maarof bibn Tayfour.</subfield>
</datafield>
<datafield tag="500" ind1=" " ind2=" ">
<subfield code="a">Hādha huwa al-juzʼ al-Sādis min Kitāb Baghdād li-Ahmad ibn Abī Ṭāhir Ṭayfūr.</subfield>
</datafield>
<datafield tag="651" ind1=" " ind2="0">
<subfield code="a">Baghdad (Iraq)</subfield>
<subfield code="x">History.</subfield>
</datafield>
<datafield tag="740" ind1="0" ind2=" ">
<subfield code="a">Kitāb Baghdād.</subfield>
</datafield>
<datafield tag="OWN" ind1=" " ind2=" ">
<subfield code="a">GENERAL</subfield>
</datafield>
<datafield tag="950" ind1=" " ind2=" ">
<subfield code="l">BMAIN</subfield>
<subfield code="a">DS79.9.B25</subfield>
<subfield code="b">I23 1968</subfield>
<subfield code="h">04/07/86 C</subfield>
</datafield>
<datafield tag="955" ind1=" " ind2=" ">
<subfield code="l">BMAIN</subfield>
<subfield code="c">1</subfield>
<subfield code="r">002539529</subfield>
<subfield code="h">04/07/86 C</subfield>
</datafield>
<datafield tag="955" ind1=" " ind2=" ">
<subfield code="l">BMAIN</subfield>
<subfield code="c">2</subfield>
<subfield code="r">016822978</subfield>
<subfield code="i">02/01/93 C</subfield>
</datafield>
<datafield tag="998" ind1=" " ind2=" ">
<subfield code="a">02/01/93</subfield>
<subfield code="t">c</subfield>
<subfield code="s">1665</subfield>
<subfield code="n">NNU</subfield>
<subfield code="w">NYPG764627924B</subfield>
<subfield code="d">04/07/86</subfield>
<subfield code="b">MG</subfield>
<subfield code="i">930201</subfield>
<subfield code="h">860407</subfield>
<subfield code="l">NYUG</subfield>
</datafield>
<datafield tag="AVA" ind1=" " ind2=" ">
<subfield code="a">NYU50</subfield>
<subfield code="b">BOBST</subfield>
<subfield code="c">Main Collection</subfield>
<subfield code="d">DS79.9.B25 I23 1968</subfield>
<subfield code="e">unavailable</subfield>
<subfield code="t">Unavailable</subfield>
<subfield code="f">1</subfield>
<subfield code="g">1</subfield>
<subfield code="h">N</subfield>
<subfield code="i">2</subfield>
<subfield code="j">MAIN</subfield>
<subfield code="k">0</subfield>
</datafield>
</record>
